%% This BibTeX bibliography file was created using BibDesk.
%% https://bibdesk.sourceforge.io/

%% Created for Arya Daroui at 2020-04-01 14:25:20 -0700 


%% Saved with string encoding Unicode (UTF-8) 



@book{Q,
	Author = {First A. Last},
	Date-Added = {2020-04-01 14:24:38 -0700},
	Date-Modified = {2020-04-01 14:25:18 -0700},
	Publisher = {Newtext Publishing},
	Title = {A book},
	Year = {2020}}

@article{customBibLabel,
	Author = {John Doe},
	Journal = {The Journal},
	Pages = {500---505},
	Title = {The article title},
	Volume = {72},
	Year = {2012}}

@article{customBibLabel2,
	Author = {Claudia Doe},
	Journal = {Good Journal},
	Pages = {123---456},
	Title = {Another article title},
	Volume = {23},
	Year = {2019}}

@misc{Burka:1993a,
	Author = {Burka, L. P.},
	Journal = {MUD history},
	Month = {Dec. 5, 1994},
	Title = {A hypertext history of multi-user dimensions},
	Url = {http://www.ccs.neu.edu},
	Year = {1993},
	Bdsk-Url-1 = {http://www.ccs.neu.edu}}
	

@misc{Einstein:1944a,
	Author = {Einstein, Albert},
	Journal = {Physics Monthly},
	Month = {Dec. 5, 1944},
	Title = {A science title},
	Url = {http://www.ccs.neu.edu},
	Year = {1993},
	Bdsk-Url-1 = {http://www.ccs.neu.edu}}

